@book{ross2003discrete,
  title={Discrete Mathematics},
  author={Kenneth A. Ross and Charles R. Wright},
  edition={5th},
  publisher={Prentice Hall},
  year={2003},
  isbn={978-0130652478},
  lccn={2002030802},
  url={https://books.google.pl/books?id=CMxTAAAAYAAJ},
  sortkey={1}
}

@book{duckett2014javascript,
  title={JavaScript and jQuery: Interactive Front-End Web Development},
  author={Duckett, J.},
  isbn={9781118871652},
  lccn={2014935744},
  url={https://books.google.pl/books?id=\_uTRAwAAQBAJ},
  year={2014},
  publisher={Wiley}
}

@book{duckett2011html,
  title={HTML and CSS: Design and Build Websites},
  author={Duckett, J.},
  isbn={9781118008188},
  lccn={2013956857},
  url={https://books.google.pl/books?id=aGjaBTbT0o0C},
  year={2011},
  publisher={Wiley}
}


@misc{wiki:Operator-precedence_parser,
   author = "Wikipedia",
   title = "{Operator-precedence parser}",
   howpublished = {\url{https://en.wikipedia.org/wiki/Operator-precedence_parser}},
   note = "[Online; dostępne 10.03.2023]"
 }

@misc{wiki:Reverse_Polish_notation,
   author = "Wikipedia",
   title = "{Reverse Polish notation}",
   howpublished = {\url{https://en.wikipedia.org/wiki/Reverse_Polish_notation}},
   note = "[Online; dostępne 10.03.2023]"
 }
 
 @misc{wiki:Shunting_yard_algorithm,
   author = "Wikipedia",
   title = "{Shunting yard algorithm}",
   howpublished = {\url{https://en.wikipedia.org/wiki/Shunting_yard_algorithm}},
   note = "[Online; dostępne 10.03.2023]"
 }

 @misc{wiki:Zbior,
   author = "Wikipedia",
   title = "{Zbiór}",
   howpublished = {\url{https://pl.wikipedia.org/wiki/Zbi%C3%B3r}},
   note = "[Online; dostępne 10.03.2023]",
 }

  @misc{wiki:Unicode,
   author = "Wikipedia",
   title = "{Unicode}",
   howpublished = {\url{https://pl.wikipedia.org/wiki/Unicode}},
   note = "[Online; dostępne 10.03.2023]",
 }

 @misc{wiki:Token,
   author = "Wikipedia",
   title = "{Lexical Analysis. Token.}",
   howpublished = {\url{https://en.wikipedia.org/wiki/Lexical_analysis#Token}},
   note = "[Online; dostępne 10.03.2023]",
 }

  @misc{github:aglebionek,
   author = "GitHub",
   title = "{Odnośnik do konta z pracą}",
   howpublished = {\url{https://github.com/aglebionek}},
   note = "[Online; dostępne 10.03.2023]",
 }

 @misc{docs:mozilla:numbers,
   author = "Mozilla Documentation",
   title = "{Number type in JavaScript}",
   howpublished = {\url{https://developer.mozilla.org/en-US/docs/Web/JavaScript/Reference/Global_Objects/Number}},
   note = "[Online; dostępne 10.03.2023]",
 }